@book{Elo1986,
    author = {Arpad E. Elo},
    title = {The Rating of Chess Players: Past \& Present},
    publisher = {Arco Publishing},
    year = {1986}
}

@misc{COMAP2024,
    title = {2024 MCM Problem C: Tennis},
    year = {2024},
    url = {https://www.immchallenge.org/mcm/2024_MCM_Problem_C.pdf},
    author = {Consortium for Mathematics and its Applications}
}

@inreference{MerriamWebsterMomentum,
    author    = {Merriam-Webster},
    title     = {Momentum},
    year = {2024},
    booktitle = {Merriam-Webster.com dictionary},
    url       = {https://www.merriam-webster.com/dictionary/momentum}
}

@misc{Dobson2019,
    title = {FiveThirtyEight's Elo Ratings and Logistic Regression},
    author = {Nic Dobson},
    year = {2019},
    url = {https://nicidob.github.io/nba_elo/}
}